<collection xmlns="http://www.loc.gov/MARC21/slim">
<record>
  <leader>01274nam0a2200265 i 450 </leader>
  <controlfield tag="001">IT\ICCU\CNCE\071577</controlfield>
  <controlfield tag="005">20150123000000.0</controlfield>
  <datafield tag="012" ind1=" " ind2=" ">
    <subfield code="a">t-a, ils- la60 tuin (C) 1560 (Q)</subfield>
    <subfield code="2">fei</subfield>
  </datafield>
  <datafield tag="100" ind1=" " ind2=" ">
    <subfield code="a">20070806f1560        0itac0103    ba</subfield>
  </datafield>
  <datafield tag="101" ind1=" " ind2=" ">
    <subfield code="a">ITA</subfield>
  </datafield>
  <datafield tag="102" ind1=" " ind2=" ">
    <subfield code="a">IT</subfield>
  </datafield>
  <datafield tag="200" ind1="1" ind2=" ">
    <subfield code="a">Difamatorio del signor Enea Pio contra Hippolito Villa insieme col successo di tutta la querella passata tra essi</subfield>
  </datafield>
  <datafield tag="210" ind1=" " ind2=" ">
    <subfield code="d">\non prima del 1560!</subfield>
  </datafield>
  <datafield tag="215" ind1=" " ind2=" ">
    <subfield code="a">\34!</subfield>
    <subfield code="d">4ʻ</subfield>
  </datafield>
  <datafield tag="300" ind1=" " ind2=" ">
    <subfield code="a">Stampata a Ferrara da Francesco Rossi il giovane; per il tipografo e la data cfr.: C. Fahy, L&apos;&quot;Orlando furioso&quot; del 1532. Profilo di una edizione, p. 185</subfield>
  </datafield>
  <datafield tag="620" ind1=" " ind2=" ">
    <subfield code="a">IT</subfield>
    <subfield code="d">Ferrara</subfield>
  </datafield>
  <datafield tag="712" ind1="0" ind2="0">
    <subfield code="a">Rossi, Francesco</subfield>
    <subfield code="c"> &lt;2.&gt;</subfield>
    <subfield code="3">IT\ICCU\CNCT\000397</subfield>
    <subfield code="4">650</subfield>
  </datafield>
  <datafield tag="791" ind1="0" ind2="0">
    <subfield code="a">Rubeus, Franciscus</subfield>
    <subfield code="3">IT\ICCU\CNCT\002570</subfield>
    <subfield code="z">Rossi, Francesco &lt;2.&gt;</subfield>
  </datafield>
  <datafield tag="791" ind1="0" ind2="0">
    <subfield code="a">Rubeis, Franciscus de</subfield>
    <subfield code="3">IT\ICCU\CNCT\005397</subfield>
    <subfield code="z">Rossi, Francesco &lt;2.&gt;</subfield>
  </datafield>
  <datafield tag="791" ind1="0" ind2="0">
    <subfield code="a">Roscius, Franciscus</subfield>
    <subfield code="3">IT\ICCU\CNCT\005398</subfield>
    <subfield code="z">Rossi, Francesco &lt;2.&gt;</subfield>
  </datafield>
  <datafield tag="791" ind1="0" ind2="0">
    <subfield code="a">Russus, Franciscus</subfield>
    <subfield code="3">IT\ICCU\CNCT\005399</subfield>
    <subfield code="z">Rossi, Francesco &lt;2.&gt;</subfield>
  </datafield>
  <datafield tag="791" ind1="0" ind2="0">
    <subfield code="a">Rubrius, Franciscus</subfield>
    <subfield code="3">IT\ICCU\CNCT\005400</subfield>
    <subfield code="z">Rossi, Francesco &lt;2.&gt;</subfield>
  </datafield>
  <datafield tag="791" ind1="0" ind2="0">
    <subfield code="a">Rosso, Francesco</subfield>
    <subfield code="3">IT\ICCU\CNCT\005401</subfield>
    <subfield code="z">Rossi, Francesco &lt;2.&gt;</subfield>
  </datafield>
  <datafield tag="801" ind1=" " ind2="3">
    <subfield code="a">IT</subfield>
    <subfield code="b">ICCU</subfield>
    <subfield code="c">20201115</subfield>
  </datafield>
  <datafield tag="899" ind1=" " ind2=" ">
    <subfield code="a">Biblioteca Estense Universitaria. Modena</subfield>
    <subfield code="1">MO0089</subfield>
    <subfield code="2">MOD BE</subfield>
  </datafield>
</record>
</collection>
